
@legislation{_CouncilDirective89_1989,
  title = {Council {{Directive}} 89/391/{{EEC}} of 12 {{June}} 1989 on the Introduction of Measures to Encourage Improvements in the Safety and Health of Workers at Work},
  date = {1989-06-29},
  journaltitle = {183},
  volume = {OJ L},
  url = {http://data.europa.eu/eli/dir/1989/391/oj/eng},
  urldate = {2021-04-14},
  langid = {english},
  number = {31989L0391}
}

@report{_DINISO9241110_a,
  title = {{{DIN EN ISO}} 9241-110:2008-09, {{Ergonomie}} Der {{Mensch}}-{{System}}-{{Interaktion}} - {{Teil}} 110: {{Grunds\"atze}} Der {{Dialoggestaltung}} ({{ISO}} 9241-110:2006); {{Deutsche Fassung EN ISO}} 9241-110:2006},
  shorttitle = {{{DIN EN ISO}} 9241-110},
  institution = {{Beuth Verlag GmbH}},
  doi = {10.31030/1464024}
}

@inreference{_ISO9241_2020,
  title = {ISO 9241},
  booktitle = {Wikipedia},
  date = {2020-11-08T18:51:26Z},
  url = {https://de.wikipedia.org/w/index.php?title=ISO_9241&oldid=205330133},
  urldate = {2021-02-26},
  abstract = {Die Norm ISO 9241 ist ein internationaler Standard, der Richtlinien der Mensch-Computer-Interaktion beschreibt. Die Normenreihe tr\"agt seit 2006 den deutschen Titel Ergonomie der Mensch-System-Interaktion und l\"ost damit den bisherigen Titel Ergonomische Anforderungen f\"ur B\"urot\"atigkeiten mit Bildschirmger\"aten ab, um die fr\"uhere Einschr\"ankung auf B\"uroarbeit aufzul\"osen. Die Normenreihe beschreibt Anforderungen an die Arbeitsumgebung, Hardware und Software. Ziel der Richtlinie ist es, gesundheitliche Sch\"aden beim Arbeiten am Bildschirm zu vermeiden und dem Benutzer die Ausf\"uhrung seiner Aufgaben zu erleichtern. Auf der Grundlage einer Norm der internationalen Normungsorganisation ISO wurde eine Europ\"aische Norm erarbeitet, die EN ISO 9241, die in Deutschland als DIN-Norm DIN EN ISO 9241 \"ubernommen wurde, in \"Osterreich existiert die inhaltlich identische \"ONORM EN ISO 9241. Die EN ISO 9241 gilt nach EU-Rechtsprechung auch als Standard zur Bewertung der Forderung nach Benutzerfreundlichkeit, in Deutschland aus der Arbeitsst\"attenverordnung (ArbSt\"attV), bis zum 3. Dezember  2016 Bildschirmarbeitsverordnung (BildscharbV).},
  annotation = {Page Version ID: 205330133},
  file = {/home/valentin/Zotero/storage/PJ4N8WJK/index.html},
  langid = {german}
}

@misc{caldwel_WebContentAccessibility_2008,
  title = {Web {{Content Accessibility Guidelines}} ({{WCAG}}) 2.0},
  shorttitle = {{{WCAG20}}},
  author = {Caldwel, Ben and Cooper, Michael and Guarino Reid, Loretta and Vanderheiden, Gregg},
  date = {2008-12-11},
  publisher = {{World Wide Web Consortium}},
  url = {https://www.w3.org/TR/2008/REC-WCAG20-20081211/},
  urldate = {2021-04-16},
  file = {/home/valentin/Zotero/storage/L82A2CBT/Caldwel et al. - 2008 - Web Content Accessibility Guidelines (WCAG) 2.0.pdf;/home/valentin/Zotero/storage/A5ZMTII3/REC-WCAG20-20081211.html}
}

@book{tullis_MeasuringUserExperience_2013,
  title = {Measuring the User Experience: Collecting, Analyzing, and Presenting Usability Metrics},
  shorttitle = {Measuring the User Experience},
  author = {Tullis, Tom and Albert, Bill},
  date = {2013},
  edition = {Second edition},
  publisher = {{Elsevier/Morgan Kaufmann}},
  location = {{Amsterdam ; Boston}},
  file = {/home/valentin/Zotero/storage/Z8H59FFU/Tullis and Albert - 2013 - Measuring the user experience collecting, analyzi.pdf},
  keywords = {Evaluation,Measurement,Technology assessment,User interfaces (Computer systems)}
}

@incollection{tullis_NumberParticipants_2013,
  title = {Number of Participants},
  booktitle = {Measuring the User Experience: Collecting, Analyzing, and Presenting Usability Metrics},
  author = {Tullis, Tom and Albert, Bill},
  date = {2013},
  edition = {Second edition},
  pages = {115--118},
  publisher = {{Elsevier/Morgan Kaufmann}},
  location = {{Amsterdam ; Boston}},
  keywords = {Evaluation,Measurement,Technology assessment,User interfaces (Computer systems)}
}

@article{virzi_RefiningTestPhase_1992a,
  title = {Refining the {{Test Phase}} of {{Usability Evaluation}}: {{How Many Subjects Is Enough}}?},
  shorttitle = {Refining the {{Test Phase}} of {{Usability Evaluation}}},
  author = {Virzi, Robert A.},
  date = {1992-08-01},
  journaltitle = {Human Factors},
  shortjournal = {Hum Factors},
  volume = {34},
  pages = {457--468},
  publisher = {{SAGE Publications Inc}},
  doi = {10.1177/001872089203400407},
  abstract = {Attention has been given to making user interface design and testing less costly so that it might be more easily incorporated into the product development life cycle. Three experiments are reported in this paper that relate the proportion of usability problems identified in an evaluation to the number of subjects participating in that study. The basic findings are that (a) 80\% of the usability problems are detected with four or five subjects, (b) additional subjects are less and less likely to reveal new information, and (c) the most severe usability problems are likely to have been detected in the first few subjects. Ramifications for the practice of human factors are discussed as they relate to the type of usability test cycle employed and the goals of the usability test.},
  langid = {english},
  number = {4}
}

@online{wagner_WasIstUsability_2017,
  title = {Was ist Usability? - Eine ausf\"uhrliche Erkl\"arung},
  shorttitle = {Was ist Usability?},
  author = {Wagner, Dennis},
  date = {2017-12-10T18:35:35+00:00},
  url = {https://uxfox.de/was-ist-usability/},
  urldate = {2021-05-04},
  abstract = {Was ist Usability? Usability beschreibt die Gebrauchstauglichkeit eines Systems. Es gibt 7 Grundpfeiler auf die sich Usability st\"utzt. Welche das sind erfahrt ihr in diesem Artikel.},
  file = {/home/valentin/Zotero/storage/XXU97UMZ/was-ist-usability.html},
  langid = {german},
  organization = {{UX Fox}}
}

@inproceedings{wibowo_HeuristicEvaluationUser_2017,
  title = {Heuristic Evaluation and User Testing with {{ISO}} 9126 in Evaluating of Decision Support System for Recommendation of Outstanding Marketing Officer},
  booktitle = {2017 {{International Conference}} on {{Sustainable Information Engineering}} and {{Technology}} ({{SIET}})},
  author = {Wibowo, R. M. and Erna, P. A. and Hidayah, I.},
  date = {2017-11},
  pages = {454--458},
  doi = {10.1109/SIET.2017.8304181},
  abstract = {Multi-Criteria Decision Making in implementation of the Decision Support System (DSS) at BRI Katamso Yogyakarta helps decision makers in providing alternative decisions to choose the outstanding marketing office (MO) with DSS process. After implementation DSS in BRI Katamso, the next step is to evaluate the DSS. The purpose of this paper is to evaluate the DSS by using heuristic evaluation and ISO 9126. Evaluation is needed to test whether the system as expected. An evaluation of the designed system is expected to answer if any problems and improve goal attainment. ISO 9126 works to determine the level of effectiveness, efficiency, satisfaction. Heuristic Evaluation have function to evaluate the User Interface of DSS. Based on the ISO and heuristic evaluation, the general design of the interface and some of the factors effectiveness, efficiency, satisfaction vielded the average value of 3.75 (on a scale of 5).},
  eventtitle = {2017 {{International Conference}} on {{Sustainable Information Engineering}} and {{Technology}} ({{SIET}})},
  file = {/home/valentin/Zotero/storage/HWC3EC7C/Wibowo et al. - 2017 - Heuristic evaluation and user testing with ISO 912.pdf;/home/valentin/Zotero/storage/AUIKHDLS/8304181.html},
  keywords = {BRI Katamso,Decision support systems,DSS,Heuristic Evaluation,ISO 9126,ISO Standards,Marketing Officer,Navigation,Software,Testing,User interfaces}
}


